<?xml version="1.0" encoding="UTF-8"?><record xmlns="http://www.loc.gov/MARC21/slim" xmlns:cinclude="http://apache.org/cocoon/include/1.0" xmlns:zs="http://www.loc.gov/zing/srw/">
  <leader>00560cz  a2200181n  4500</leader>
  <controlfield tag="001">n  91083219 </controlfield>
  <controlfield tag="003">DLC</controlfield>
  <controlfield tag="005">20130313094258.0</controlfield>
  <controlfield tag="008">910819n| azannaab           |a aaa     c</controlfield>
  <datafield tag="010" ind1=" " ind2=" ">
    <subfield code="a">n  91083219 </subfield>
  </datafield>
  <datafield tag="040" ind1=" " ind2=" ">
    <subfield code="a">ICU</subfield>
    <subfield code="b">eng</subfield>
    <subfield code="e">rda</subfield>
    <subfield code="c">ICU</subfield>
    <subfield code="d">DLC</subfield>
  </datafield>
  <datafield tag="046" ind1=" " ind2=" ">
    <subfield code="f">1867</subfield>
  </datafield>
  <datafield tag="100" ind1="1" ind2=" ">
    <subfield code="a">David, E. J.</subfield>
    <subfield code="q">(Etienne Joseph),</subfield>
    <subfield code="d">1867-</subfield>
  </datafield>
  <datafield tag="378" ind1=" " ind2=" ">
    <subfield code="q">Etienne Joseph</subfield>
  </datafield>
  <datafield tag="400" ind1="1" ind2=" ">
    <subfield code="w">nnea</subfield>
    <subfield code="a">David, E. J.</subfield>
    <subfield code="q">(Etienne Joseph),</subfield>
    <subfield code="d">b. 1867</subfield>
  </datafield>
  <datafield tag="400" ind1="1" ind2=" ">
    <subfield code="a">David, Etienne Joseph,</subfield>
    <subfield code="d">1867-</subfield>
  </datafield>
  <datafield tag="670" ind1=" " ind2=" ">
    <subfield code="a">His The dietetics, 1905:</subfield>
    <subfield code="b">t.p. (E.J. David)</subfield>
  </datafield>
  <datafield tag="670" ind1=" " ind2=" ">
    <subfield code="a">NUC pre-56</subfield>
    <subfield code="b">(hdg.: David, Etienne Joseph, 1867- )</subfield>
  </datafield>
</record>